/home/david/Work/biblio/Biblio.bib